@article{imagej,
    author = "Rueden, C. T. and Schindelin, J. and Hiner, M. C. and et al.",
    title = "ImageJ2: ImageJ for the next generation of scientific image data",
    journal = "BMC Bioinformatics",
    year = "2017",
    volume = "18",
    pages = "529",
    doi = "10.1186/s12859-017-1934-z"
}

@article{Johnson1972,
  doi = {10.1103/physrevb.6.4370},
  url = {https://doi.org/10.1103/physrevb.6.4370},
  year = {1972},
  month = dec,
  publisher = {American Physical Society ({APS})},
  volume = {6},
  number = {12},
  pages = {4370--4379},
  author = {P. B. Johnson and R. W. Christy},
  title = {Optical Constants of the Noble Metals},
  journal = {Physical Review B}
}

@book{Kittel2004,
  added-at = {2011-04-14T10:28:42.000+0200},
  asin = {047141526X},
  author = {Kittel, Charles},
  biburl = {https://www.bibsonomy.org/bibtex/2d4e036d9937063fecea5b99c8498cdaf/riche.ma},
  description = {Amazon.com: Introduction to Solid State Physics (9780471415268): Charles Kittel: Books},
  dewey = {530.41},
  ean = {9780471415268},
  edition = 8,
  interhash = {7c425e2261b6584cc1df9c2da6d13331},
  intrahash = {d4e036d9937063fecea5b99c8498cdaf},
  isbn = {9780471415268},
  keywords = {kittel solid_state_physics},
  publisher = {Wiley},
  timestamp = {2011-04-14T10:28:42.000+0200},
  title = {Introduction to Solid State Physics},
  year = 2004
}

@book{Ashcroft76,
  added-at = {2009-03-26T12:05:24.000+0100},
  author = {Ashcroft, N. W. and Mermin, N. D.},
  biburl = {https://www.bibsonomy.org/bibtex/2e23a76f4cc35f826a9431e710991b5ac/vos107},
  interhash = {3fceace2452d29987bf484c07aeee889},
  intrahash = {e23a76f4cc35f826a9431e710991b5ac},
  keywords = {},
  publisher = {Holt-Saunders},
  timestamp = {2009-03-26T12:05:24.000+0100},
  title = {{S}olid {S}tate {P}hysics},
  year = 1976
}



